<record><leader>00000cas a2200000 a 4500</leader><controlfield tag="001">49399948</controlfield><controlfield tag="007">hd afb---bucu</controlfield><controlfield tag="007">hd bfb---buau</controlfield><controlfield tag="007">hd bfb---bubu</controlfield><controlfield tag="008">020326d19741999waucr nea     0    0eng c</controlfield><datafield ind1=" " ind2=" " tag="010"><subfield code="a">  2002252532</subfield></datafield><datafield ind1=" " ind2=" " tag="040"><subfield code="a">WAU</subfield><subfield code="b">eng</subfield><subfield code="c">WAU</subfield><subfield code="d">OCLCQ</subfield><subfield code="d">OCLCF</subfield><subfield code="d">OCLCO</subfield><subfield code="d">OCLCQ</subfield></datafield><datafield ind1=" " ind2=" " tag="022"><subfield code="a">0192-1401</subfield><subfield code="l">0192-1401</subfield></datafield><datafield ind1=" " ind2=" " tag="042"><subfield code="a">pcc</subfield></datafield><datafield ind1=" " ind2=" " tag="043"><subfield code="a">n-us-wa</subfield></datafield><datafield ind1="0" ind2=" " tag="130"><subfield code="a">Pierce County herald (Puyallup, Wash. : 1974)</subfield></datafield><datafield ind1=" " ind2="0" tag="222"><subfield code="a">Pierce County herald</subfield><subfield code="b">(Puyallup, Wash.)</subfield></datafield><datafield ind1="1" ind2="0" tag="245"><subfield code="a">Pierce County herald.</subfield></datafield><datafield ind1=" " ind2=" " tag="260"><subfield code="a">[Puyallup, Wash.] :</subfield><subfield code="b">[Herald Pub. Co.]</subfield></datafield><datafield ind1=" " ind2=" " tag="300"><subfield code="a">volumes :</subfield><subfield code="b">illustrations</subfield></datafield><datafield ind1=" " ind2=" " tag="310"><subfield code="a">Semiweekly,</subfield><subfield code="b">-July 30, 1999</subfield></datafield><datafield ind1=" " ind2=" " tag="321"><subfield code="a">Semiweekly (Tuesday and Saturday),</subfield><subfield code="b">1974-</subfield></datafield><datafield ind1=" " ind2=" " tag="321"><subfield code="a">3 no. a week,</subfield><subfield code="b">&lt;Jan. 14, 1986-&gt;</subfield></datafield><datafield ind1=" " ind2=" " tag="336"><subfield code="a">text</subfield><subfield code="b">txt</subfield><subfield code="2">rdacontent</subfield></datafield><datafield ind1=" " ind2=" " tag="337"><subfield code="a">microform</subfield><subfield code="b">h</subfield><subfield code="2">rdamedia</subfield></datafield><datafield ind1=" " ind2=" " tag="338"><subfield code="a">microfilm reel</subfield><subfield code="b">hd</subfield><subfield code="2">rdacarrier</subfield></datafield><datafield ind1="1" ind2=" " tag="362"><subfield code="a">Began Dec. 25, 1974.</subfield></datafield><datafield ind1="0" ind2=" " tag="362"><subfield code="a">-v. 99, issue 61 (July 30, 1999).</subfield></datafield><datafield ind1=" " ind2=" " tag="588"><subfield code="a">Description based on: Vol. 86, no. 6 (Jan. 14, 1986).</subfield></datafield><datafield ind1=" " ind2=" " tag="533"><subfield code="a">Microfilm.</subfield><subfield code="m">v.86:issue 61 (Jan. 14,</subfield><subfield code="d">1986)- :[Gaps]</subfield><subfield code="c">[Seattle, Wash.] :</subfield><subfield code="c">Filmed for the University of Washington Libraries.</subfield><subfield code="e">microfilm reels ; 35 mm.</subfield></datafield><datafield ind1=" " ind2="0" tag="651"><subfield code="a">Puyallup (Wash.)</subfield><subfield code="v">Newspapers.</subfield></datafield><datafield ind1=" " ind2="0" tag="651"><subfield code="a">Pierce County (Wash.)</subfield><subfield code="v">Newspapers.</subfield></datafield><datafield ind1=" " ind2="7" tag="651"><subfield code="a">Washington (State)</subfield><subfield code="z">Pierce County.</subfield><subfield code="2">fast</subfield><subfield code="0">(OCoLC)fst01213642</subfield></datafield><datafield ind1=" " ind2="7" tag="651"><subfield code="a">Washington (State)</subfield><subfield code="z">Puyallup.</subfield><subfield code="2">fast</subfield><subfield code="0">(OCoLC)fst01222707</subfield></datafield><datafield ind1=" " ind2="7" tag="655"><subfield code="a">Newspapers.</subfield><subfield code="2">fast</subfield><subfield code="0">(OCoLC)fst01423814</subfield></datafield><datafield ind1=" " ind2=" " tag="752"><subfield code="a">United States</subfield><subfield code="b">Washington</subfield><subfield code="c">Pierce</subfield><subfield code="d">Puyallup.</subfield></datafield><datafield ind1="1" ind2=" " tag="776"><subfield code="c">Original</subfield><subfield code="w">(DLC)sn 79003899</subfield><subfield code="w">(OCoLC)5019614</subfield></datafield><datafield ind1="0" ind2="0" tag="780"><subfield code="t">Pierce county herald and Puyallup Valley tribune</subfield></datafield><datafield ind1="0" ind2="0" tag="785"><subfield code="t">Puyallup herald (Puyallup, Wash. : 1999)</subfield></datafield><datafield ind1=" " ind2=" " tag="850"><subfield code="a">WaU</subfield><subfield code="a">WaU (Master)</subfield></datafield><datafield ind1="1" ind2=" " tag="029"><subfield code="a">AU@</subfield><subfield code="b">000023461320</subfield></datafield></record>